<?xml version="1.0" encoding="UTF-8"?>
<record xmlns="http://www.loc.gov/MARC21/slim">
   <leader>01486cam a2200349 a 4500</leader>
   <controlfield tag="001">553569</controlfield>
   <controlfield tag="003">NjP</controlfield>
   <controlfield tag="005">20190705140936.0</controlfield>
   <controlfield tag="008">890216s1988    ir       bd   000 0 ara d</controlfield>
   <datafield tag="024" ind1="7" ind2=" ">
      <subfield code="a">princeton_aco003895</subfield>
      <subfield code="2">local</subfield>
   </datafield>
   <datafield ind1=" " ind2=" " tag="040">
      <subfield code="a">NjP</subfield>
      <subfield code="c">PUL</subfield>
      <subfield code="d">PUL</subfield>
   </datafield>
   <datafield ind1=" " ind2=" " tag="035">
      <subfield code="a">(CStRLIN)NJPG89-B8028</subfield>
   </datafield>
   <datafield ind1=" " ind2=" " tag="035">
      <subfield code="9">ACN9482TS</subfield>
   </datafield>
   <datafield ind1=" " ind2=" " tag="035">
      <subfield code="a">(NjP)553569</subfield>
   </datafield>
   <datafield ind1="0" ind2=" " tag="041">
      <subfield code="a">araper</subfield>
   </datafield>
   <datafield ind1=" " ind2=" " tag="049">
      <subfield code="a">PULL</subfield>
   </datafield>
   <datafield ind1=" " ind2=" " tag="035">
      <subfield code="a">(OCoLC)ocm22317655</subfield>
   </datafield>
   <datafield ind1="1" ind2=" " tag="100">
      <subfield code="a">Barāzish, ʻAlī Riz̤ā.</subfield>
   </datafield>
   <datafield ind1="1" ind2="3" tag="245">
      <subfield code="6">880-01</subfield>
      <subfield code="a">al-Muʻjam al-mufahras li-alfāẓ al-Uṣūl min al-Kāfī /</subfield>
      <subfield code="c">waḍaʻahu ʻAlī Riḍā Barāzish.</subfield>
   </datafield>
   <datafield ind1=" " ind2=" " tag="260">
      <subfield code="6">880-02</subfield>
      <subfield code="a">[Tehran] :</subfield>
      <subfield code="b">Munaẓẓamat al-Iʻlām al-Islāmī, "Muʻāwanīyat al-Thaqāfah wa-al-Nashr",</subfield>
      <subfield code="c">1988.</subfield>
   </datafield>
   <datafield ind1=" " ind2=" " tag="300">
      <subfield code="a">2 v. (21, 2011 p.) ;</subfield>
      <subfield code="c">25 cm.</subfield>
   </datafield>
   <datafield ind1=" " ind2=" " tag="500">
      <subfield code="a">Introds. also in Persian.</subfield>
   </datafield>
   <datafield ind1=" " ind2=" " tag="500">
      <subfield code="a">Thumb-indexed.</subfield>
   </datafield>
   <datafield ind1=" " ind2=" " tag="504">
      <subfield code="a">Includes bibliographies.</subfield>
   </datafield>
   <datafield ind1="1" ind2="0" tag="600">
      <subfield code="6">880-03</subfield>
      <subfield code="a">Kulaynī, Muḥammad ibn Yaʻqūb,</subfield>
      <subfield code="d">-941?</subfield>
      <subfield code="t">Kāfī</subfield>
      <subfield code="x">Concordances.</subfield>
   </datafield>
   <datafield ind1="1" ind2="2" tag="880">
      <subfield code="6">245-01/r</subfield>
      <subfield code="a">المعجم المفهرس لالفاظ الاصول من الكافي /</subfield>
      <subfield code="c">وضعه علي رضا برازش.</subfield>
   </datafield>
   <datafield ind1=" " ind2=" " tag="880">
      <subfield code="6">260-02/r</subfield>
      <subfield code="a">[طهران] :</subfield>
      <subfield code="b">منظمة الاعلام الاسلامي، "معاونية الثقافة والنشر"،</subfield>
      <subfield code="c">1988.</subfield>
   </datafield>
   <datafield ind1="1" ind2="4" tag="880">
      <subfield code="6">600-03/r</subfield>
      <subfield code="a">كليني، محمد بن يعقوب،</subfield>
      <subfield code="d">-941?</subfield>
      <subfield code="t">كافي</subfield>
      <subfield code="x">Concordances.</subfield>
   </datafield>
   <datafield ind1=" " ind2=" " tag="998">
      <subfield code="a">10/19/92</subfield>
      <subfield code="s">9114</subfield>
      <subfield code="n">NjP</subfield>
      <subfield code="w">NJPG89B8028</subfield>
      <subfield code="d">02/16/89</subfield>
      <subfield code="c">KE</subfield>
      <subfield code="b">CS</subfield>
      <subfield code="i">921019</subfield>
      <subfield code="l">NJPG</subfield>
   </datafield>
   <datafield ind1=" " ind2=" " tag="911">
      <subfield code="a">19921030</subfield>
   </datafield>
   <datafield ind1=" " ind2=" " tag="912">
      <subfield code="a">19921019000000.0</subfield>
   </datafield>
   <datafield ind1=" " ind2=" " tag="994">
      <subfield code="a">C0</subfield>
      <subfield code="b">PUL</subfield>
   </datafield>
   <datafield ind1=" " ind2=" " tag="999">
      <subfield code="a">553569</subfield>
   </datafield>
   <datafield ind1=" " ind2=" " tag="979">
      <subfield code="a">(OCoLC)ocn175509438</subfield>
   </datafield>
   <datafield ind1="0" ind2=" " tag="852">
      <subfield code="0">603892</subfield>
      <subfield code="b">rcppa</subfield>
      <subfield code="t">1</subfield>
      <subfield code="h">BP80.K85</subfield>
      <subfield code="i">B373 1988</subfield>
      <subfield code="x">tr fr nec</subfield>
   </datafield>
   <datafield ind1=" " ind2="0" tag="866">
      <subfield code="0">603892</subfield>
      <subfield code="a">Mujallad 1-mujallad 2</subfield>
   </datafield>
   <datafield ind1="0" ind2="0" tag="852">
      <subfield code="0">603893</subfield>
      <subfield code="b">sne</subfield>
      <subfield code="t">1</subfield>
      <subfield code="h">BP193.23.K8423 1988</subfield>
   </datafield>
   <datafield ind1=" " ind2=" " tag="959">
      <subfield code="a">2000-06-13 00:00:00 -0400</subfield>
   </datafield>
</record>
